<record><leader>00000cas a22000007a 4500</leader><controlfield tag="001">11828676</controlfield><controlfield tag="008">850320d18821904inuwr ne      0    0eng d</controlfield><datafield ind1=" " ind2=" " tag="010"><subfield code="a">sn 85047725 </subfield></datafield><datafield ind1=" " ind2=" " tag="040"><subfield code="a">NPI</subfield><subfield code="b">eng</subfield><subfield code="c">NPI</subfield><subfield code="d">OCLCQ</subfield><subfield code="d">IUL</subfield><subfield code="d">OCLCF</subfield></datafield><datafield ind1="1" ind2=" " tag="029"><subfield code="a">AU@</subfield><subfield code="b">000025838190</subfield></datafield><datafield ind1=" " ind2=" " tag="042"><subfield code="a">msc</subfield></datafield><datafield ind1=" " ind2=" " tag="043"><subfield code="a">n-us-in</subfield></datafield><datafield ind1="0" ind2="0" tag="245"><subfield code="a">Vevay times.</subfield></datafield><datafield ind1=" " ind2=" " tag="260"><subfield code="a">Vevay, Ind. :</subfield><subfield code="b">M.C. Walden,</subfield><subfield code="c">1882-</subfield></datafield><datafield ind1=" " ind2=" " tag="300"><subfield code="a">v. :</subfield><subfield code="b">ill. ;</subfield><subfield code="c">23-57 cm.</subfield></datafield><datafield ind1=" " ind2=" " tag="310"><subfield code="a">Weekly</subfield></datafield><datafield ind1="0" ind2=" " tag="362"><subfield code="a">Vol. 1, no. 1 (Apr. 1, 1882)-</subfield></datafield><datafield ind1="1" ind2=" " tag="362"><subfield code="a">Ceased in 1904</subfield><subfield code="z">Cf. Miller, John W. Indiana newspaper bibliog.</subfield></datafield><datafield ind1=" " ind2=" " tag="500"><subfield code="a">Publishers: 1882-&lt;1891&gt;, W.A. Knox; &lt;1892-1896&gt;, M.C. Walden.</subfield></datafield><datafield ind1=" " ind2=" " tag="580"><subfield code="a">Merged with: "The Vevay Democrat" to form: "Switzerland Democrat" Cf. Miller, John W. Indiana newspaper bibliog.</subfield></datafield><datafield ind1=" " ind2="0" tag="651"><subfield code="a">Vevay (Ind.)</subfield><subfield code="v">Newspapers.</subfield></datafield><datafield ind1=" " ind2="0" tag="651"><subfield code="a">Switzerland County (Ind.)</subfield><subfield code="v">Newspapers.</subfield></datafield><datafield ind1=" " ind2="7" tag="651"><subfield code="a">Indiana</subfield><subfield code="z">Switzerland County.</subfield><subfield code="2">fast</subfield><subfield code="0">(OCoLC)fst01228481</subfield></datafield><datafield ind1=" " ind2="7" tag="651"><subfield code="a">Indiana</subfield><subfield code="z">Vevay.</subfield><subfield code="2">fast</subfield><subfield code="0">(OCoLC)fst01257089</subfield></datafield><datafield ind1=" " ind2="7" tag="655"><subfield code="a">Newspapers.</subfield><subfield code="2">fast</subfield><subfield code="0">(OCoLC)fst01423814</subfield></datafield><datafield ind1=" " ind2=" " tag="752"><subfield code="a">United States</subfield><subfield code="b">Indiana</subfield><subfield code="c">Switzerland</subfield><subfield code="d">Vevay.</subfield></datafield><datafield ind1="1" ind2="7" tag="785"><subfield code="t">Vevay Democrat</subfield><subfield code="w">(DLC)sn 84038232</subfield><subfield code="w">(OCoLC)11258595</subfield></datafield><datafield ind1="1" ind2="7" tag="785"><subfield code="t">Switzerland Democrat</subfield><subfield code="w">(DLC)sn 85047724</subfield><subfield code="w">(OCoLC)11829574</subfield></datafield></record>